@BOOK{PuppetDevOps,
	author = {Puppet Labs},
	title = {2015 State of DevOps  Report},
	year = {2015},	
	}
@BOOK{FundametalsOfCI,
	author ={Slavey Karadzhov},
	title = {Fundamentals of 
	Continuous Integration},
	year = {2014}
	
}

@ONLINE{DevOps:2016:Online,
	author = {DevOps.org},
	title = {DevOps},
	month = Jan,
	year = {2016},
	url = {http://devops.com/}
}

@ONLINE{Owasp:2016:Online,
	author = {Owasp.org},
	title = {Static code analysis},
	month = Jan,
	year = {2016},
	url = {https://www.owasp.org/index.php/Static_Code_Analysis}
}

@ONLINE{maven-wiki:2016:Online,
	author = {Apache.org},
	title = {Maven },
	month = Jan,
	year = {2016},
	url = {http://maven.apache.org/}
}

@ONLINE{Jenkins:2016:Online,
	author = {Jenkin's Blog},
	title = {Open source automation server},
	month = Jan,
	year = {2016},
	url = {https://jenkins-ci.org/node/}
}

@ONLINE{sanity-wikipedia:2016:Online,
	author = {Wikipedia},
	title = {Sanity tests},
	month = Jan,
	year = {2016},
	url = {https://en.wikipedia.org/wiki/Sanity_check}
}


@ONLINE{Coverity-wikipedia:2016:Online,
	author = {Coverity Inc.},
	title = {Coverity},
	month = Jan,
	year = {2016},
	url = {http://www.coverity.com/products/coverity-save/}
}

@ONLINE{CI/CD:2016:Online,
	author = {Puppets Lab},
	title = {CI/CD},
	month = Jan,
	year = {2016},
	url = {https://puppetlabs.com/blog/continuous-delivery-vs-continuous-deployment-whats-diff}
}

@ONLINE{Jenkins-JaCoCo,
	auther = {Jenkins.org},
	title = {Jenkins JaCoCo},
	url = {https://wiki.jenkins-ci.org/display/JENKINS/JaCoCo+Plugin}		
}
@ONLINE{Jenkin-plugins,
	auther={hugeinc.com},
	title = {Jenkins plugins},
	year ={2014},
	url ={http://www.hugeinc.com/ideas/perspective/list-of-useful-jenkins-plugins}		
}
@ONLINE{docker,
	auther ={Docker.com},
	year ={2016},
	title = {DevOps docker},
	url = {https://www.docker.com/use-cases/devops}
}
@ONLINE{history-devops,
	auther ={infoq.com},
	title ={History of devops},
	year ={2010},
	url= {http://www.infoq.com/news/2010/04/debate-role-of-ops}
}
@online{continuousdelivery,
	auther ={continuousdelivery.com},
	title ={Continuous delivery vs deployment},
	year ={2010},
	url = {http://continuousdelivery.com/2010/08/continuous-delivery-vs-continuous-deployment/}	
}
@ONLINE {jacoco-source,
	auther = {eclemma.org},
	title = {Jacoco code coverage library},
	url ={https://github.com/jacoco/jacoco/tree/agent-debug-logging}
}
@ONLINE{maven-info,
	auther = {waltercedric.com},
	title ={Maven introduction},
	url = {https://www.waltercedric.com/index.php?option=com_content&view=article&id=1795&catid=129&Itemid=332}
}
@ONLINE{jacoco-metrics,
	auther ={eclemma.org},
	title ={Code coverage metrices},
	year ={2016},
	url ={http://eclemma.org/jacoco/trunk/doc/counters.html}
}
@ONLINE{jenkins-local,
	auther ={sonar-jenkins.blogspot.in},
	title ={Jenkins installation},
	year ={2012},
	url ={http://sonar-jenkins.blogspot.in/2012/05/setup-jenkins-in-local-machine.html}
}
@MISC{DeliveryPipeline,
	auther={cdn.panthacorp.com},
	title={Delivery Pipeline},
	year={2014},
	url={http://cdn.panthacorp.com/wp-content/uploads/2014/04/Image-3.png}
}
@MISC{CI/CD/CD,
	auther={image.slidesharecdn.com},
	title={Continuous Integration vs Continuous Delivery vs Continuous Deployment},
	year={2014},
	url={http://image.slidesharecdn.com/sharepointcontinuousintegrationwithvsonlineandazure-140510101655-phpapp01/95/sharepoint-continuous-integration-with-vsonline-azure-espc14-4-638.jpg?cb=1399949644}
}
@MISC{CI/CD/CD/Blog,
	auther={Michael Chletsos},
	title={Continuous Delivery vs Continuous Deployment vs Continuous Integration},
	year={2012},
	url={https://blog.assembla.com/AssemblaBlog/tabid/12618/bid/92411/Continuous-Delivery-vs-Continuous-Deployment-vs-Continuous-Integration-Wait-huh.aspx}
}

